<?xml version="1.0" encoding="UTF-8"?><record xmlns="http://www.loc.gov/MARC21/slim" xmlns:cinclude="http://apache.org/cocoon/include/1.0" xmlns:zs="http://www.loc.gov/zing/srw/">
  <leader>01058nz  a2200193n  4500</leader>
  <controlfield tag="001">nb2014015936</controlfield>
  <controlfield tag="003">DLC</controlfield>
  <controlfield tag="005">20140717050909.0</controlfield>
  <controlfield tag="008">140716n| azannaabn          |a ana      </controlfield>
  <datafield tag="010" ind1=" " ind2=" ">
    <subfield code="a">nb2014015936</subfield>
  </datafield>
  <datafield tag="035" ind1=" " ind2=" ">
    <subfield code="a">(Uk)009082806</subfield>
  </datafield>
  <datafield tag="040" ind1=" " ind2=" ">
    <subfield code="a">Uk</subfield>
    <subfield code="b">eng</subfield>
    <subfield code="e">rda</subfield>
    <subfield code="c">Uk</subfield>
  </datafield>
  <datafield tag="046" ind1=" " ind2=" ">
    <subfield code="s">2014</subfield>
  </datafield>
  <datafield tag="111" ind1="2" ind2=" ">
    <subfield code="a">CPAIOR (Conference : 2014-)</subfield>
  </datafield>
  <datafield tag="368" ind1=" " ind2=" ">
    <subfield code="a">Congresses and conventions</subfield>
    <subfield code="2">lcsh</subfield>
  </datafield>
  <datafield tag="372" ind1=" " ind2=" ">
    <subfield code="a">Constraints (Artificial intelligence)</subfield>
    <subfield code="2">lcsh</subfield>
  </datafield>
  <datafield tag="411" ind1="2" ind2=" ">
    <subfield code="a">International Conference on the Integration of Artificial Intelligence and Operations Research Techniques in Constraint Programming</subfield>
  </datafield>
  <datafield tag="511" ind1="2" ind2=" ">
    <subfield code="w">r</subfield>
    <subfield code="i">Predecessor:</subfield>
    <subfield code="a">International Conference on Integration of AI and OR Techniques in Constraint Programming for Combinatorial Optimisation Problems</subfield>
  </datafield>
  <datafield tag="670" ind1=" " ind2=" ">
    <subfield code="a">Integration of AI and OR techniques in constraint programming for combinatorial optimization problems, 2014:</subfield>
    <subfield code="b">t.p. (11th international conference, CPAIOR 2014, Cork Ireland) preface (International Conference on the Integration of Artificial Intelligence and Operations Research Techniques in Constraint Programming)</subfield>
  </datafield>
</record>